@ARTICLE{abhyankar1956on,
  AUTHOR = {Abhyankar, S.},
  PUBLISHER = {Johns Hopkins University Press},
  URL = {http://www.jstor.org/stable/2372519},
  DATE = {1956},
  ISSN = {00029327, 10806377},
  JOURNALTITLE = {American Journal of Mathematics},
  NUMBER = {2},
  PAGES = {321--348},
  TITLE = {On the Valuations Centered in a Local Domain},
  URLDATE = {2022-08-02},
  VOLUME = {78},
}

@ARTICLE{akizuji1935proceedings,
  AUTHOR = {Akizuku, Yasno},
  DATE = {1935},
  DOI = {10.11429/ppmsj1919.17.0_327},
  JOURNALTITLE = {Proceedings of the Physico-Mathematical Society of Japan. 3rd Series},
  PAGES = {327--336},
  TITLE = {Einige Bemerkungen über primäre Integritätsbereiche mit teilerkettensatz},
  VOLUME = {17},
}

@BOOK{andre1967methode,
  AUTHOR = {André, M.},
  PUBLISHER = {Springer Berlin Heidelberg},
  URL = {https://books.google.com/books?id=uATvAAAAMAAJ},
  DATE = {1967},
  ISBN = {9783540039037},
  SERIES = {Lecture Notes in Mathematics},
  TITLE = {Methode Simpliciale en Algebre Homologigue et Algebre Commutative},
}

@BOOK{andré1974homologie,
  AUTHOR = {Andr{é}, M.},
  PUBLISHER = {Springer},
  URL = {https://books.google.com/books?id=Zf-EAAAAIAAJ},
  DATE = {1974},
  ISBN = {9780387065212},
  SERIES = {Die Grundlehren der mathematischen Wissenschaften in Einzeldarstellungen},
  TITLE = {Homologie des alg{è}bres commutatives},
}

@ARTICLE{andre1974localisation,
  AUTHOR = {André, Michel},
  URL = {http://eudml.org/doc/154269},
  DATE = {1974},
  JOURNALTITLE = {Manuscripta mathematica},
  PAGES = {297--308},
  TITLE = {Localisation de la lissite formelle.},
  VOLUME = {13},
}

@ARTICLE{avramov1975flat,
  AUTHOR = {Avramov, L. L.},
  DATE = {1975},
  ISSUE = {1},
  JOURNALTITLE = {Dokl. Akad. Nauk SSS},
  PAGES = {11--14},
  TITLE = {Flat morphisms of complete intersections},
  VOLUME = {225},
}

@ARTICLE{bass1963big,
  AUTHOR = {Bass, Hyman},
  PUBLISHER = {Duke University Press},
  URL = {https://projecteuclid.org/journals/illinois-journal-of-mathematics/volume-7/issue-1/Big-projective-modules-are-free/10.1215/ijm/1255637479.full},
  DATE = {1963},
  DOI = {10.1215/ijm/1255637479},
  JOURNALTITLE = {Illinois Journal of Mathematics},
  NUMBER = {1},
  PAGES = {24--31},
  TITLE = {{Big projective modules are free}},
  VOLUME = {7},
}

@ARTICLE{bergerkunz1961,
  AUTHOR = {Berger, R. and Kunz, E.},
  DATE = {1961-12-01},
  DOI = {10.1007/BF01180183},
  ISSN = {1432-1823},
  JOURNALTITLE = {Mathematische Zeitschrift},
  NUMBER = {1},
  PAGES = {314--338},
  TITLE = {{Ü}ber die Struktur der Differentialmoduln von diskreten Bewertungsringen},
  VOLUME = {77},
}

@BOOK{bourbaki1998commutative,
  AUTHOR = {Bourbaki, N.},
  PUBLISHER = {Springer},
  URL = {https://archive.org/details/commutativealgeb0000bour},
  DATE = {1998},
  ISBN = {9783540642398},
  NUMBER = {v. 1},
  SERIES = {Elements de mathematique. English},
  TITLE = {Commutative Algebra: Chapters 1-7},
}

@ARTICLE{buchsbaum1973what,
  AUTHOR = {Buchsbaum, David A and Eisenbud, David},
  URL = {https://www.sciencedirect.com/science/article/pii/0021869373900446},
  DATE = {1973},
  DOI = {https://doi.org/10.1016/0021-8693(73)90044-6},
  ISSN = {0021-8693},
  JOURNALTITLE = {Journal of Algebra},
  NUMBER = {2},
  PAGES = {259--268},
  TITLE = {What makes a complex exact?},
  VOLUME = {25},
}

@ARTICLE{dieudonne1966on,
  AUTHOR = {Dieudonné, J.},
  PUBLISHER = {Nagoya Mathematical Journal},
  URL = {https://doi.org/},
  DATE = {1966},
  DOI = {nmj/1118801637},
  JOURNALTITLE = {Nagoya Mathematical Journal},
  NUMBER = {P1},
  PAGES = {355--356},
  TITLE = {{On regular sequences}},
  VOLUME = {27},
}

@ARTICLE{eakin1968the,
  AUTHOR = {Eakin, P.M. jr.},
  URL = {http://eudml.org/doc/161724},
  DATE = {1968},
  JOURNALTITLE = {Mathematische Annalen},
  KEYWORDS = {commutative algebra},
  PAGES = {278--282},
  TITLE = {The Converse to a Well Known Theorem on Noetherian Rings.},
  VOLUME = {177},
}

@ARTICLE{egaIII,
  AUTHOR = {Grothendieck, A.},
  LANGUAGE = {fr},
  PUBLISHER = {Institut des Hautes Études Scientifiques},
  URL = {http://www.numdam.org/item/PMIHES_1963__17__5_0/},
  DATE = {1963},
  JOURNALTITLE = {Publications Mathématiques de l'IHÉS},
  PAGES = {5--91},
  TITLE = {Éléments de géométrie algébrique : {III.} {Étude} cohomologique des faisceaux cohérents, {Seconde} partie},
  VOLUME = {17},
}

@ARTICLE{egaIV,
  AUTHOR = {Grothendieck, A.},
  LANGUAGE = {fr},
  PUBLISHER = {Institut des Hautes Études Scientifiques},
  URL = {http://www.numdam.org/item/PMIHES_1964__20__5_0/},
  DATE = {1964},
  JOURNALTITLE = {Publications Mathématiques de l'IHÉS},
  PAGES = {5--259},
  TITLE = {Éléments de géométrie algébrique : {IV.} {Étude} locale des schémas et des morphismes de schémas, {Première} partie},
  VOLUME = {20},
}

@ARTICLE{eisenbud1975some,
  AUTHOR = {Eisenbud, D.},
  URL = {https://www.ams.org/books/pspum/029/},
  DATE = {1975},
  ISSUE = {Algebraic geometry - Arcata},
  JOURNALTITLE = {Proc. Sympos. Pure Math.},
  PAGES = {111--128},
  TITLE = {Some directions of recent progress in commutative algebra},
  VOLUME = {29},
}

@ARTICLE{faltings1978Ein,
  AUTHOR = {Faltings, G.},
  LANGUAGE = {german},
  URL = {https://link.springer.com/article/10.1007/BF01226056},
  DATE = {1978},
  JOURNALTITLE = {Archiv der Mathematik},
  PAGES = {284--285},
  TITLE = {Ein einfacher Beweis, da geometrische Regularität formale Glattheit impliziert},
  VOLUME = {30},
}

@ARTICLE{formanek1973faithful,
  AUTHOR = {Formanek, A.},
  URL = {https://www.ams.org/journals/proc/1973-041-02/S0002-9939-1973-0379477-X},
  DATE = {1973},
  DOI = {10.1090/S0002-9939-1973-0379477-X},
  JOURNALTITLE = {Proc. Amer. Math. Soc.},
  PAGES = {381--383},
  VOLUME = {41},
}

@BOOK{fossum2012divisor,
  AUTHOR = {Fossum, R.M.},
  PUBLISHER = {Springer Berlin Heidelberg},
  URL = {https://archive.org/details/divisorclassgrou0000foss},
  DATE = {2012},
  ISBN = {9783642884054},
  SERIES = {Ergebnisse der Mathematik und ihrer Grenzgebiete. 2. Folge},
  TITLE = {The Divisor Class Group of a Krull Domain},
}

@ARTICLE{greco1976two,
  AUTHOR = {Greco, Silvio},
  PUBLISHER = {Nagoya Mathematical Journal},
  URL = {https://projecteuclid.org/journals/nagoya-mathematical-journal/volume-60/issue-none/Two-theorems-on-excellent-rings/nmj/1118795639.full},
  DATE = {1976},
  DOI = {nmj/1118795639},
  JOURNALTITLE = {Nagoya Mathematical Journal},
  NUMBER = {none},
  PAGES = {139--149},
  TITLE = {{Two theorems on excellent rings}},
  VOLUME = {60},
}

@ARTICLE{hartshorne1962complete,
  AUTHOR = {Hartshorne, Robin},
  PUBLISHER = {Johns Hopkins University Press},
  URL = {http://www.jstor.org/stable/2372986},
  DATE = {1962},
  ISSN = {00029327, 10806377},
  JOURNALTITLE = {American Journal of Mathematics},
  NUMBER = {3},
  PAGES = {497--508},
  TITLE = {Complete Intersections and Connectedness},
  URLDATE = {2022-08-07},
  VOLUME = {84},
}

@ARTICLE{hinohara1963projective,
  AUTHOR = {Hinohara, Yukitoshi},
  PUBLISHER = {Mathematical Society of Japan},
  URL = {https://projecteuclid.org/journals/journal-of-the-mathematical-society-of-japan/volume-15/issue-1/Projective-modules-over-weakly-noetherian-rings/10.2969/jmsj/01510075.full},
  DATE = {1963},
  DOI = {10.2969/jmsj/01510075},
  JOURNALTITLE = {Journal of the Mathematical Society of Japan},
  NUMBER = {1},
  PAGES = {75--88},
  TITLE = {{Projective modules over weakly noetherian rings}},
  VOLUME = {15},
}

@BOOK{hochster1975topics,
  AUTHOR = {Hochster, M. and of the Mathematical Sciences, Conference Board},
  PUBLISHER = {Conference Board of the Mathematical Sciences},
  URL = {https://books.google.com/books?id=HCpzCgAAQBAJ},
  DATE = {1975},
  ISBN = {9780821816745},
  SERIES = {Conference Board of the Mathematical Sciences regional conference series in mathematics},
  TITLE = {Topics in the Homological Theory of Modules Over Commutative Rings},
}

@ARTICLE{kaplansky1958projective,
  AUTHOR = {Kaplansky, Irving},
  PUBLISHER = {Annals of Mathematics},
  URL = {http://www.jstor.org/stable/1970252},
  DATE = {1958},
  ISSN = {0003486X},
  JOURNALTITLE = {Annals of Mathematics},
  NUMBER = {2},
  PAGES = {372--377},
  TITLE = {Projective Modules},
  VOLUME = {68},
}

@BOOK{kaplansky1970commutative,
  AUTHOR = {Kaplansky, I.},
  PUBLISHER = {Allyn and Bacon},
  URL = {https://books.google.com/books?id=xmIPAQAAMAAJ},
  DATE = {1970},
  SERIES = {Jeffery-Williams lecture},
  TITLE = {Commutative Rings},
}

@ARTICLE{kimurani1980regular,
  AUTHOR = {Kimura, Tetsuzo and Niitsuma, Hiroshi},
  PUBLISHER = {Mathematical Society of Japan},
  URL = {https://projecteuclid.org/journals/journal-of-the-mathematical-society-of-japan/volume-32/issue-2/Regular-local-ring-of-characteristic-p-and-p-basis/10.2969/jmsj/03220363.full},
  DATE = {1980},
  DOI = {10.2969/jmsj/03220363},
  JOURNALTITLE = {Journal of the Mathematical Society of Japan},
  NUMBER = {2},
  PAGES = {363--371},
  TITLE = {{Regular local ring of characteristic $p$ and $p$-basis}},
  VOLUME = {32},
}

@ARTICLE{kimuraniitsuma1982,
  AUTHOR = {Kimura, T. and Niitsuma, H.},
  URL = {https://projecteuclid.org/journals/journal-of-the-mathematical-society-of-japan/volume-34/issue-2/On-Kunzs-conjecture/10.2969/jmsj/03420371.full},
  DATE = {1982-04},
  DOI = {10.2969/jmsj/03420371},
  JOURNALTITLE = {Journal of the Mathematical Society of Japan},
  NUMBER = {2},
  PAGES = {371--378},
  TITLE = {On Kunz's conjecture},
  VOLUME = {34},
}

@BOOK{lang2012algebra,
  AUTHOR = {Lang, S.},
  PUBLISHER = {Springer New York},
  URL = {https://math24.files.wordpress.com/2013/02/algebra-serge-lang.pdf},
  DATE = {2012},
  ISBN = {9781461265511},
  SERIES = {Graduate Texts in Mathematics},
  TITLE = {Algebra},
}

@ARTICLE{lech1964inequalities,
  AUTHOR = {Lech, Christer},
  PUBLISHER = {Institut Mittag-Leffler},
  URL = {https://projecteuclid.org/journals/acta-mathematica/volume-112/issue-none/Inequalities-related-to-certain-couples-of-local-rings/10.1007/BF02391765.full},
  DATE = {1964},
  DOI = {10.1007/BF02391765},
  JOURNALTITLE = {Acta Mathematica},
  NUMBER = {none},
  PAGES = {69--89},
  TITLE = {{Inequalities related to certain couples of local rings}},
  VOLUME = {112},
}

@ARTICLE{matijevic1976maximal,
  AUTHOR = {Matijevic, Jacob R.},
  URL = {https://www.ams.org/journals/proc/1976-054-01/S0002-9939-1976-0387269-3/},
  DATE = {1976},
  DOI = {10.1090/S0002-9939-1976-0387269-3},
  JOURNALTITLE = {Proc. Amer. Math. Soc.},
  PAGES = {49--52},
  TITLE = {Maximal ideal transforms of Noetherian rings},
  VOLUME = {54},
}

@INCOLLECTION{MATSUMURA1977279,
  AUTHOR = {Matsumura, Hideyuki},
  EDITOR = {Bass, Hyman and Cassidy, Phyllis J. and Kovacic, Jerald},
  PUBLISHER = {Academic Press},
  URL = {https://www.sciencedirect.com/science/article/pii/B9780120805501500263},
  BOOKTITLE = {Contributions to Algebra},
  DATE = {1977},
  DOI = {https://doi.org/10.1016/B978-0-12-080550-1.50026-3},
  ISBN = {978-0-12-080550-1},
  PAGES = {279--294},
  TITLE = {Noetherian rings with many derivations},
}

@ARTICLE{matsumuranagoya1977,
  AUTHOR = {Matsumura, H.},
  PUBLISHER = {Cambridge University Press},
  DATE = {1977},
  JOURNALTITLE = {Nagoya Mathematical Journal},
  PAGES = {123--130},
  TITLE = {Quasi-coefficient rings of a local ring},
  VOLUME = {68},
}

@ARTICLE{nagata1957a,
  AUTHOR = {Nagata, Masayoshi},
  PUBLISHER = {Duke University Press},
  URL = {https://projecteuclid.org/journals/illinois-journal-of-mathematics/volume-1/issue-3/A-Jacobian-criterion-of-simple-points/10.1215/ijm/1255380393.full},
  DATE = {1957},
  DOI = {10.1215/ijm/1255380393},
  JOURNALTITLE = {Illinois Journal of Mathematics},
  NUMBER = {3},
  PAGES = {427--432},
  TITLE = {{A Jacobian criterion of simple points}},
  VOLUME = {1},
}

@BOOK{nagata1975local,
  AUTHOR = {Nagata, M.},
  PUBLISHER = {Krieger},
  URL = {https://books.google.com/books?id=QmQPAQAAMAAJ},
  DATE = {1975},
  ISBN = {9780882752280},
  SERIES = {Interscience tracts in pure and applied mathematics},
  TITLE = {Local Rings},
}

@ARTICLE{nishimura1976note,
  AUTHOR = {Nishimura, Junichi},
  PUBLISHER = {Duke University Press},
  URL = {https://projecteuclid.org/journals/kyoto-journal-of-mathematics/volume-16/issue-1/Note-on-integral-closures-of-a-noetherian-integral-domain/10.1215/kjm/1250522963.full},
  DATE = {1976},
  DOI = {10.1215/kjm/1250522963},
  JOURNALTITLE = {Journal of Mathematics of Kyoto University},
  NUMBER = {1},
  PAGES = {117--122},
  TITLE = {{Note on integral closures of a noetherian integral domain}},
  VOLUME = {16},
}

@BOOK{northcott1976finite,
  AUTHOR = {Northcott, D. G.},
  PUBLISHER = {Springer Berlin Heidelberg},
  URL = {https://books.google.com/books?id=kX-VnQEACAAJ},
  DATE = {2014},
  ISBN = {9783662292457},
  SERIES = {Graduate Texts in Mathematics},
  TITLE = {Finite Free Resolutions},
}

@ARTICLE{peskineszpiro1973dimension,
  AUTHOR = {Peskine, C. and Szpiro, L.},
  URL = {https://doi.org/10.1007/BF02685877},
  DATE = {1975},
  ISSN = {1618-1913},
  JOURNALTITLE = {Publications Mathématiques de l'Institut des Hautes Études Scientifiques},
  TITLE = {Dimension projective finie et cohomologie locale},
  VOLUME = {42},
}

@ARTICLE{querre1977on,
  AUTHOR = {Querré, Julien},
  URL = {https://gallica.bnf.fr/ark:/12148/bpt6k5620896n/f3.item.r=Comptes+Rendus+de+l'Acad\%C3\%A9mie+des+Sciences+serie+Aquerre},
  DATE = {1977},
  ISSUE = {5},
  JOURNALTITLE = {Comptes Rendus de l'Académie des Sciences serie A},
  PAGES = {323--325},
  TITLE = {On a Theorem of Mori-Nagata},
  VOLUME = {285},
}

@ARTICLE{ratliff1972catenary,
  AUTHOR = {Ratliff, L. J.},
  PUBLISHER = {Johns Hopkins University Press},
  URL = {http://www.jstor.org/stable/2374632},
  DATE = {1972},
  ISSN = {00029327, 10806377},
  JOURNALTITLE = {American Journal of Mathematics},
  NUMBER = {2},
  PAGES = {458--466},
  TITLE = {Catenary Rings and the Altitude Formula},
  URLDATE = {2022-08-12},
  VOLUME = {94},
}

@BOOK{ratliff1978chain,
  AUTHOR = {Ratliff, L.J.},
  PUBLISHER = {Springer-Verlag},
  URL = {https://books.google.com/books?id=NzjQAAAAMAAJ},
  DATE = {1978},
  ISBN = {9783540087588},
  SERIES = {Lecture notes in mathematics},
  TITLE = {Chain Conjectures in Ring Theory: An Exposition of Conjectures on Catenary Chains},
}

@ARTICLE{rees1957the,
  AUTHOR = {Rees, D.},
  PUBLISHER = {Cambridge University Press},
  URL = {https://www.cambridge.org/core/journals/mathematical-proceedings-of-the-cambridge-philosophical-society/article/abs/grade-of-an-ideal-or-module/2492E077C7772B5406D85290124686CC},
  DATE = {1957},
  DOI = {10.1017/S0305004100031960},
  JOURNALTITLE = {Mathematical Proceedings of the Cambridge Philosophical Society},
  NUMBER = {1},
  PAGES = {28--42},
  TITLE = {The grade of an ideal or module},
  VOLUME = {53},
}

@ARTICLE{rotthaus1977nicht,
  AUTHOR = {Rotthaus, C.},
  URL = {https://link.springer.com/article/10.1007/BF01214184},
  DATE = {1977},
  JOURNALTITLE = {Mathematische Zeitschrift},
  TITLE = {Nicht ausgezeichnete, universell japanische Ringe},
  VOLUME = {152},
}

@ARTICLE{rotthaus1979komplettierung,
  AUTHOR = {Rotthaus, Christel},
  PUBLISHER = {Nagoya Mathematical Journal},
  URL = {https://projecteuclid.org/journals/nagoya-mathematical-journal/volume-76/issue-none/Komplettierung-semilokaler-quasiausgezeichneter-Ringe/nmj/1118785940.full},
  DATE = {1979},
  DOI = {nmj/1118785940},
  JOURNALTITLE = {Nagoya Mathematical Journal},
  NUMBER = {none},
  PAGES = {173--180},
  TITLE = {{Komplettierung semilokaler quasiausgezeichneter Ringe}},
  VOLUME = {76},
}

@ARTICLE{rudakovshafarevich1976,
  AUTHOR = {Rudakov, A. N. and Shafarevich, I. R.},
  DATE = {1976-12},
  DOI = {10.1070/IM1976v010n06ABEH001833},
  JOURNALTITLE = {Mathematics of the USSR-Izvestiya},
  NUMBER = {6},
  PAGES = {1269--1307},
  TITLE = {Inseparable morphisms of algebraic surfaces},
  VOLUME = {10},
}

@BOOK{samuel1953algebre,
  AUTHOR = {Samuel, Pierre},
  LANGUAGE = {fre},
  PUBLISHER = {Gauthier-Villars},
  URL = {http://eudml.org/doc/192643},
  DATE = {1953},
  KEYWORDS = {rings,modules,fields},
  TITLE = {Algèbre locale},
}

@MISC{samuel1964lectures,
  AUTHOR = {Samuel, P.},
  PUBLISHER = {Tata Institute of Fundemental Research, Bombay},
  URL = {http://www.math.tifr.res.in/~publ/ln/tifr30.pdf},
  DATE = {1964},
  TITLE = {Lectures on Unique Factorization Domains.},
}

@ARTICLE{seidenberg1966derivations,
  AUTHOR = {Seidenberg, A.},
  PUBLISHER = {Pacific Journal of Mathematics, A Non-profit Corporation},
  URL = {https://projecteuclid.org/journals/pacific-journal-of-mathematics/volume-16/issue-1/Derivations-and-integral-closure/pjm/1102995095},
  DATE = {1966},
  JOURNALTITLE = {Pacific Journal of Mathematics},
  NUMBER = {1},
  PAGES = {167--173},
  TITLE = {Derivations and integral closure.},
  VOLUME = {16},
}

@ARTICLE{serre1956geometrie,
  AUTHOR = {Serre, Jean-Pierre},
  LANGUAGE = {fr},
  LOCATION = {Gap},
  PUBLISHER = {Imprimerie Louis-Jean},
  URL = {http://www.numdam.org/articles/10.5802/aif.59/},
  DATE = {1956},
  DOI = {10.5802/aif.59},
  JOURNALTITLE = {Annales de l'Institut Fourier},
  PAGES = {1--42},
  TITLE = {Géométrie algébrique et géométrie analytique},
  VOLUME = {6},
}

@ARTICLE{serre1956geometrie-translated,
  AUTHOR = {Serre, Jean-Pierre and Arnold, T.},
  LOCATION = {Gap},
  PUBLISHER = {Imprimerie Louis-Jean},
  URL = {https://web.archive.org/web/20180114151828/http://ms.mcmaster.ca/~arnoldt/},
  DATE = {1956},
  DOI = {10.5802/aif.59},
  JOURNALTITLE = {Annales de l'Institut Fourier},
  PAGES = {1--42},
  TITLE = {Algebraic Geomtry and Analytic Geometry},
  VOLUME = {6},
}

@BOOK{serre2000local,
  AUTHOR = {Serre, J.P and Chin, C.W.},
  PUBLISHER = {Springer Berlin Heidelberg},
  URL = {https://books.google.com/books?id=oZmXsvlYtMQC},
  DATE = {2000},
  ISBN = {9783540666417},
  SERIES = {Springer Monographs in Mathematics},
  TITLE = {Local Algebra},
}

@BOOK{serre2009algèbre,
  AUTHOR = {Serre, J.P. and Gabriel, P.},
  PUBLISHER = {Springer Berlin Heidelberg},
  URL = {https://books.google.com/books?id=7TVtCQAAQBAJ},
  DATE = {2009},
  ISBN = {9783540371236},
  SERIES = {Lecture Notes in Mathematics},
  TITLE = {Alg{è}bre Locale, Multiplicit{é}s: Cours au Coll{è}ge de France, 1957 - 1958},
}

@ARTICLE{sharp1977acceptable,
  AUTHOR = {Sharp, Rodney Y.},
  URL = {https://www.sciencedirect.com/science/article/pii/0021869377901806},
  DATE = {1977},
  DOI = {10.1016/0021-8693(77)90180-6},
  JOURNALTITLE = {Journal of Algebra},
  PAGES = {246--261},
  TITLE = {Acceptable rings and homomorphic images of Gorenstein rings},
  VOLUME = {44},
}

@ARTICLE{valabrega1975on,
  AUTHOR = {Valabrega, Paolo},
  PUBLISHER = {Duke University Press},
  URL = {https://projecteuclid.org/journals/kyoto-journal-of-mathematics/volume-15/issue-2/On-the-excellent-property-for-power-series-rings-over-polynomial/10.1215/kjm/1250523070.full},
  DATE = {1975},
  DOI = {10.1215/kjm/1250523070},
  JOURNALTITLE = {Journal of Mathematics of Kyoto University},
  NUMBER = {2},
  PAGES = {387--395},
  TITLE = {{On the excellent property for power series rings over polynomial rings}},
  VOLUME = {15},
}

@ARTICLE{valabrega1976a,
  AUTHOR = {Valabrega, Paolo},
  PUBLISHER = {Nagoya Mathematical Journal},
  URL = {https://projecteuclid.org/journals/nagoya-mathematical-journal/volume-61/issue-none/A-few-theorems-on-completion-of-excellent-rings/nmj/1118795739.full},
  DATE = {1976},
  DOI = {nmj/1118795739},
  JOURNALTITLE = {Nagoya Mathematical Journal},
  PAGES = {127--133},
  TITLE = {{A few theorems on completion of excellent rings}},
  VOLUME = {61},
}

@ARTICLE{vasconcelos1967ideal,
  AUTHOR = {Vasconcelos, Wolmer V},
  URL = {https://www.sciencedirect.com/science/article/pii/0021869367900865},
  DATE = {1967},
  DOI = {https://doi.org/10.1016/0021-8693(67)90086-5},
  ISSN = {0021-8693},
  JOURNALTITLE = {Journal of Algebra},
  NUMBER = {3},
  PAGES = {309--316},
  TITLE = {Ideals generated by R-sequences},
  VOLUME = {6},
}

@ARTICLE{zariski1950sur,
  AUTHOR = {Zariski, O.},
  LANGUAGE = {fr},
  LOCATION = {Grenoble},
  PUBLISHER = {Institut Fourier},
  URL = {http://www.numdam.org/articles/10.5802/aif.27/},
  DATE = {1950},
  DOI = {10.5802/aif.27},
  JOURNALTITLE = {Annales de l'Institut Fourier},
  PAGES = {161--164},
  TITLE = {Sur la normalité analytique des variétés normales},
  VOLUME = {2},
}

@BOOK{zariski2014commutative,
  AUTHOR = {Zariski, O. and Samuel, P.},
  PUBLISHER = {Springer Berlin Heidelberg},
  URL = {https://books.google.com/books?id=kX-VnQEACAAJ},
  DATE = {2014},
  ISBN = {9783662292457},
  SERIES = {Graduate Texts in Mathematics},
  TITLE = {Commutative Algebra: Volume II},
}
